[gd_scene load_steps=11 format=2]

[ext_resource path="res://Assets/laser.png" type="Texture" id=1]
[ext_resource path="res://Scripts/laser.gd" type="Script" id=2]

[sub_resource type="AtlasTexture" id=1]
flags = 4
atlas = ExtResource( 1 )
region = Rect2( 0, 0, 4096, 4096 )

[sub_resource type="AtlasTexture" id=2]
flags = 4
atlas = ExtResource( 1 )
region = Rect2( 4096, 0, 4096, 4096 )

[sub_resource type="AtlasTexture" id=3]
flags = 4
atlas = ExtResource( 1 )
region = Rect2( 0, 4096, 4096, 4096 )

[sub_resource type="AtlasTexture" id=4]
flags = 4
atlas = ExtResource( 1 )
region = Rect2( 4096, 4096, 4096, 4096 )

[sub_resource type="AtlasTexture" id=5]
flags = 4
atlas = ExtResource( 1 )
region = Rect2( 0, 8192, 4096, 4096 )

[sub_resource type="AtlasTexture" id=6]
flags = 4
atlas = ExtResource( 1 )
region = Rect2( 4096, 8192, 4096, 4096 )

[sub_resource type="SpriteFrames" id=7]
animations = [ {
"frames": [ SubResource( 1 ), SubResource( 2 ), SubResource( 3 ), SubResource( 4 ), SubResource( 5 ), SubResource( 6 ) ],
"loop": true,
"name": "default",
"speed": 5.0
} ]

[sub_resource type="RectangleShape2D" id=8]

[node name="AnimatedSprite" type="AnimatedSprite"]
frames = SubResource( 7 )
script = ExtResource( 2 )

[node name="Area2D" type="Area2D" parent="."]
position = Vector2( 0, -575 )
scale = Vector2( 204.8, 22.667 )

[node name="CollisionShape2D" type="CollisionShape2D" parent="Area2D"]
shape = SubResource( 8 )
